% Template

%@book{book:,
%    author = {},
%    title = {},
%    publisher = {},
%    year = {},
%    isbn = {}
%}

%@misc{website:,
%    author = {},
%    title = {},
%    howpublished = {[online]},
%    note = {[dostęp: ]. Dostępny w Internecie, },
%    url = {}
%}

%%%%%%%%%%%%%%%%%%%%%%%%%%%%%%%%%%%%%%%%%%%%%%%%%%%%%%%%%%%%%%%%%%%%%%%%%%%%%%%%%%%%%%%%%%
@book{article:trustworthiness_evaluation_2016,
    author = {Dalvi, Harshal D. and Joshi, Abhijit and Shekokar, Narendra},
    title = {Trustworthiness evaluation system in E-Commerce context},
    publisher = {IEEE},
    year = {2016},
    isbn = {978-1-5090-3291-4}
}

@book{article:evaluating_trustworthiness_2013,
    author = {Hasnae Rahimi and Hanan El Bakkali},
    title = {A new reputation algorithm for evaluating trustworthiness in e-commerce context},
    publisher = {IEEE},
    year = {2013},
    isbn = {978-1-4799-0324-5}
}

@book{article:reputation_generation_system_2022,
    author = {Boumhidi, Achraf and Benlahbib, Abdessamad and Nfaoui, El Habib},
    title = {Cross-Platform Reputation Generation System Based on Aspect-Based Sentiment Analysis},
    publisher = {IEEE},
    year = {2022},
    isbn = {2169-3536}
}

%----------------------------------------------------------------------------------------%
@book{article:k_means,
    author = {Oti, Eric and Olusola, Michael and Eze, Francis and Enogwe, Samuel},
    title = {Comprehensive Review of K-Means Clustering Algorithms},
    journal = {International Journal of Advances in Scientific Research and Engineering},
    doi = {10.31695/IJASRE.2021.34050},
    year = {2021},
    month = {01},
    pages = {64-69},
    volume = {07},
}

@article{article:c_means,
    title = {FCM: The fuzzy c-means clustering algorithm},
    journal = {Computers & Geosciences},
    volume = {10},
    number = {2},
    pages = {191-203},
    year = {1984},
    issn = {0098-3004},
    author = {James C. Bezdek and Robert Ehrlich and William Full},
}
%----------------------------------------------------------------------------------------%
@misc{website:python,
    author = {Python Software Foundation},
    title = {Python},
    howpublished = {[online]},
    note = {[dostęp: 16.03.2022]. Dostępny w Internecie, },
    url = {https://www.python.org/}
}

@misc{website:numpy,
    author = {Numpy developers},
    title = {Numpy},
    howpublished = {[online]},
    note = {[dostęp: 16.03.2022]. Dostępny w Internecie, },
    url = {https://numpy.org/}
}

@misc{website:pandas,
    author = {Pandas development team},
    title = {Pandas},
    howpublished = {[online]},
    note = {[dostęp: 16.03.2022]. Dostępny w Internecie, },
    url = {https://pandas.pydata.org/}
}

@misc{website:matplotlib,
    author = {Matplotlib development team},
    title = {Matplotlib},
    howpublished = {[online]},
    note = {[dostęp: 16.03.2022]. Dostępny w Internecie, },
    url = {https://matplotlib.org/stable/index.html}
}

@misc{website:sklearn,
    author = {scikit-learn developers},
    title = {scikit-learn},
    howpublished = {[online]},
    note = {[dostęp: 16.03.2022]. Dostępny w Internecie, },
    url = {https://scikit-learn.org/stable/index.html}
}

@misc{website:cmeans,
    author = {Madson Dias},
    title = {fuzzy-c-means},
    howpublished = {[online]},
    note = {[dostęp: 12.05.2022]. Dostępny w Internecie, },
    url = {https://pypi.org/project/fuzzy-c-means/}
}

@misc{website:nltk,
    author = {NLTK development team},
    title = {NLTK},
    howpublished = {[online]},
    note = {[dostęp: 16.03.2022]. Dostępny w Internecie, },
    url = {https://www.nltk.org/}
}

@misc{website:nrclex,
    author = {Mark M. Bailey},
    title = {NRCLex},
    howpublished = {[online]},
    note = {[dostęp: 23.03.2022]. Dostępny w Internecie, },
    url = {https://pypi.org/project/NRCLex/}
}

%----------------------------------------------------------------------------------------%
@misc{website:google,
    author = {Google LLC},
    title = {Google LLC},
    howpublished = {[online]},
    note = {[dostęp: 07.03.2022]. Dostępny w Internecie, },
    url = {https://www.google.pl/}
}

@misc{website:microsoft,
    author = {Microsoft Corporation},
    title = {Microsoft Corporation},
    howpublished = {[online]},
    note = {[dostęp: 07.03.2022]. Dostępny w Internecie, },
    url = {https://www.microsoft.com/pl-pl}
}

@misc{website:windows,
    author = {Microsoft Corporation},
    title = {Windows},
    howpublished = {[online]},
    note = {[dostęp: 20.05.2022]. Dostępny w Internecie, },
    url = {https://www.microsoft.com/pl-pl/windows/}
}

@misc{website:ebay,
    author = {eBay Inc.},
    title = {eBay},
    howpublished = {[online]},
    note = {[dostęp: 23.05.2022]. Dostępny w Internecie, },
    url = {https://www.ebay.com/}
}

@misc{website:facebook,
    author = {Meta Platforms, Inc.},
    title = {Facebook},
    howpublished = {[online]},
    note = {[dostęp: 07.03.2022]. Dostępny w Internecie, },
    url = {https://www.facebook.com/}
}

@misc{website:instagram,
    author = {Meta Platforms, Inc.},
    title = {Instagram},
    howpublished = {[online]},
    note = {[dostęp: 07.03.2022]. Dostępny w Internecie, },
    url = {https://www.instagram.com/}
}

@misc{website:twitter,
    author = {Twitter, Inc.},
    title = {Twitter},
    howpublished = {[online]},
    note = {[dostęp: 07.03.2022]. Dostępny w Internecie, },
    url = {https://twitter.com/}
}

@misc{website:youtube,
    author = {Google LLC},
    title = {YouTube},
    howpublished = {[online]},
    note = {[dostęp: 07.03.2022]. Dostępny w Internecie, },
    url = {https://www.youtube.com/}
}

@misc{website:tripadvisor,
    author = {TripAdvisor LLC},
    title = {TripAdvisor},
    howpublished = {[online]},
    note = {[dostęp: 07.03.2022]. Dostępny w Internecie, },
    url = {https://www.tripadvisor.com/}
}

%----------------------------------------------------------------------------------------%
@misc{website:e_commerce_sales,
    author = {statista.com},
    title = {Retail e-commerce sales worldwide from 2014 to 2025},
    howpublished = {[online]},
    note = {[dostęp: 01.03.2022]. Dostępny w Internecie, },
    url = {https://www.statista.com/statistics/379046/worldwide-retail-e-commerce-sales/}
}

@misc{website:fuzzy_c_means_explanation,
    author = {Yufeng},
    title = {Fuzzy C-Means Clustering},
    howpublished = {[online]},
    note = {[dostęp: 12.03.2022]. Dostępny w Internecie, },
    url = {https://towardsdatascience.com/fuzzy-c-means-clustering-with-python-f4908c714081}
}

@misc{website:recommendation_systems,
    author = {Google LLC},
    title = {Recommendation Systems},
    howpublished = {[online]},
    note = {[dostęp: 07.03.2022]. Dostępny w Internecie, },
    url = {https://developers.google.com/machine-learning/recommendation}
}
